<?xml version="1.0" encoding="UTF-8"?><collection xmlns="http://www.loc.gov/MARC21/slim"><record><leader>00432nam--2200133-i-4500</leader><controlfield tag="001">000043066</controlfield><controlfield tag="002">20161230</controlfield><controlfield tag="005">20161230201043</controlfield><controlfield tag="008">060222s1000------------r-----000-0-eng-d</controlfield><datafield ind1=" " ind2=" " tag="080"><subfield code="a">615.849:621.039.85(043)</subfield></datafield><datafield ind1=" " ind2=" " tag="100"><subfield code="a">Stratmann,Wolfgang</subfield></datafield><datafield ind1=" " ind2=" " tag="245"><subfield code="a">Vergleichende messungen der speicherung und clarence von 99m technitium und 131 jod durch die scilddruse. dissertation</subfield></datafield><datafield ind1=" " ind2=" " tag="260"><subfield code="a">Munchen, Univ.Munchen, 1976. 149 P</subfield></datafield><datafield ind1=" " ind2=" " tag="852"><subfield code="a">46083</subfield></datafield></record></collection>